<?xml version="1.0" encoding="UTF-8"?><record xmlns="http://www.loc.gov/MARC21/slim" xmlns:cinclude="http://apache.org/cocoon/include/1.0" xmlns:zs="http://www.loc.gov/zing/srw/">
  <leader>00705cz  a2200169n  4500</leader>
  <controlfield tag="001">n 2009051445</controlfield>
  <controlfield tag="003">DLC</controlfield>
  <controlfield tag="005">20130326105143.0</controlfield>
  <controlfield tag="008">090813n| acannaabn          |a aaa      </controlfield>
  <datafield tag="010" ind1=" " ind2=" ">
    <subfield code="a">n 2009051445</subfield>
  </datafield>
  <datafield tag="040" ind1=" " ind2=" ">
    <subfield code="a">DLC</subfield>
    <subfield code="b">eng</subfield>
    <subfield code="c">DLC</subfield>
    <subfield code="d">DLC</subfield>
  </datafield>
  <datafield tag="100" ind1="0" ind2=" ">
    <subfield code="a">Ricoldo,</subfield>
    <subfield code="c">da Montecroce,</subfield>
    <subfield code="d">1242 or 1243-1320.</subfield>
    <subfield code="t">Itinerarius fratris Riculdi.</subfield>
    <subfield code="l">Italian</subfield>
  </datafield>
  <datafield tag="377" ind1=" " ind2=" ">
    <subfield code="a">ita</subfield>
  </datafield>
  <datafield tag="400" ind1="0" ind2=" ">
    <subfield code="a">Ricoldo,</subfield>
    <subfield code="c">da Montecroce,</subfield>
    <subfield code="d">1242 or 1243-1320.</subfield>
    <subfield code="t">Libro della peregrinazione</subfield>
  </datafield>
  <datafield tag="400" ind1="0" ind2=" ">
    <subfield code="w">nnea</subfield>
    <subfield code="a">Ricoldo,</subfield>
    <subfield code="c">da Montecroce,</subfield>
    <subfield code="d">1242 or 3-1320.</subfield>
    <subfield code="t">Itinerarius fratris Riculdi.</subfield>
    <subfield code="l">Italian</subfield>
  </datafield>
  <datafield tag="667" ind1=" " ind2=" ">
    <subfield code="a">THIS 1XX FIELD CANNOT BE USED UNDER RDA UNTIL THIS RECORD HAS BEEN REVIEWED AND/OR UPDATED</subfield>
  </datafield>
  <datafield tag="670" ind1=" " ind2=" ">
    <subfield code="a">Ricoldo, da Montecroce. Libro della peregrinazione, 2005</subfield>
  </datafield>
</record>